<?xml version="1.0" encoding="UTF-8"?><collection xmlns="http://www.loc.gov/MARC21/slim"><record><leader>00434nam--2200133-i-4500</leader><controlfield tag="001">000019978</controlfield><controlfield tag="002">20161230</controlfield><controlfield tag="005">20161230201033</controlfield><controlfield tag="008">060222s1000------------r-----000-0-eng-d</controlfield><datafield ind1=" " ind2=" " tag="080"><subfield code="a">621.039.512.17(043)</subfield></datafield><datafield ind1=" " ind2=" " tag="100"><subfield code="a">Ducros, Gerard</subfield></datafield><datafield ind1=" " ind2=" " tag="245"><subfield code="a">Determination du taux de vide et de la configuration d un ecoulement diphasique a l aide d un faisceau de neutrons.these</subfield></datafield><datafield ind1=" " ind2=" " tag="260"><subfield code="a">Orsay, Universite, 1980. Iii + 97 P. + Fig</subfield></datafield><datafield ind1=" " ind2=" " tag="852"><subfield code="a">49853</subfield></datafield></record></collection>